<collection xmlns="http://www.loc.gov/MARC21/slim"><record><leader>00799nam  2200253   450</leader><controlfield tag="001">488</controlfield><controlfield tag="003">http://montalegre.opacnet.com/OPAC/default.aspx?ContentAreaControl=ShowRegHoldings.ascx&amp;RegNo=16662</controlfield><datafield tag="021" ind1=" " ind2=" "><subfield code="a">PT</subfield><subfield code="b">22351/88</subfield></datafield><datafield tag="095" ind1=" " ind2=" "><subfield code="a">PTBN00123541</subfield></datafield><datafield tag="100" ind1=" " ind2=" "><subfield code="a">19890317d1988    m  y0pora010305  ba</subfield></datafield><datafield tag="101" ind1="1" ind2=" "><subfield code="a">por</subfield><subfield code="c">eng</subfield></datafield><datafield tag="102" ind1=" " ind2=" "><subfield code="a">PT</subfield></datafield><datafield tag="105" ind1=" " ind2=" "><subfield code="a">y   z   000ay</subfield></datafield><datafield tag="106" ind1=" " ind2=" "><subfield code="a">r</subfield></datafield><datafield tag="200" ind1="1" ind2=" "><subfield code="a">Nascido para matar</subfield><subfield code="f">Gustav Hasford</subfield><subfield code="g">trad. J. Santos Tavares</subfield></datafield><datafield tag="210" ind1=" " ind2=" "><subfield code="a">Mem Martins</subfield><subfield code="c">Europa-América</subfield><subfield code="d">D.L. 1988</subfield></datafield><datafield tag="215" ind1=" " ind2=" "><subfield code="a">126 p.</subfield><subfield code="d">23 cm</subfield></datafield><datafield tag="225" ind1="2" ind2=" "><subfield code="a">Campos de batalha</subfield><subfield code="v">3</subfield></datafield><datafield tag="304" ind1=" " ind2=" "><subfield code="a">Tit. orig. : The short timers</subfield></datafield><datafield tag="675" ind1=" " ind2=" "><subfield code="a">820(73)-31</subfield><subfield code="v">BN</subfield><subfield code="z">por</subfield></datafield><datafield tag="700" ind1=" " ind2="1"><subfield code="a">Hasford</subfield><subfield code="b">Gustav</subfield></datafield><datafield tag="702" ind1=" " ind2="1"><subfield code="a">Tavares</subfield><subfield code="b">J. Santos</subfield><subfield code="4">730</subfield></datafield><datafield tag="801" ind1=" " ind2="0"><subfield code="a">PT</subfield><subfield code="b">Biblioteca Municipal de Montalegre</subfield><subfield code="g">RPC</subfield></datafield><datafield tag="856" ind1=" " ind2=" "><subfield code="u">locateMedia.asp?cod=20060517151228&amp;ext=jpg</subfield><subfield code="z">CAPA</subfield></datafield><datafield tag="909" ind1="&#9;" ind2=" "><subfield code="a">1</subfield></datafield><datafield tag="966" ind1=" " ind2=" "><subfield code="a">0008793</subfield><subfield code="l">BMM</subfield><subfield code="s">SCG 821 HAS nas 3</subfield></datafield></record></collection>